@misc{docker:online,
author = {Docker},
title = {What is a Container},
howpublished = {\url{https://www.docker.com/resources/what-container}},
month = {},
year = {},
note = {(Accessed on 01/28/2019)}
}

@misc{KafkaCompat:online,
author = {},
title = {Apache Kafka},
howpublished = {\url{https://kafka.apache.org/}},
month = {},
year = {},
note = {(Accessed on 11/15/2018)}
}

@misc{RabbitMQBenchmark:online,
author = {Simon MacMullen},
title = {RabbitMQ Performance Measurments},
howpublished = {\url{http://www.rabbitmq.com/blog/2012/04/25/rabbitmq-performance-measurements-part-2/}},
month = {April},
year = {2012},
note = {(Accessed on 11/15/2018)}
}

@misc{KafkaClients:online,
author = {},
title = {Apache Kafka Clients},
howpublished = {\url{https://cwiki.apache.org/confluence/display/KAFKA/Clients/}},
month = {},
year = {},
note = {(Accessed on 11/15/2018)}
}

@misc{RabbitScaling:online,
author = {Matthew Sackman},
title = {Sizing your Rabbits},
howpublished = {\url{https://www.rabbitmq.com/blog/2011/09/24/sizing-your-rabbits/}},
month = {September},
year = {2011},
note = {(Accessed on 11/15/2018)}
}

@misc{ApacheKa84:online,
author = {},
title = {Apache Kafka},
howpublished = {\url{https://kafka.apache.org/}},
month = {},
year = {},
note = {(Accessed on 11/15/2018)}
}

@misc{Linkedin:online,
title = {Benchmarking Apache Kafka},
author = {LinkedIn Engineering Blog},
howpublished = {\url{https://engineering.linkedin.com/kafka/benchmarking-apache-kafka-2-million-writes-second-three-cheap-machines}},
month = {},
year = {},
note = {(Accessed on 11/15/2018)}
}

@misc{Octoverse:online,
author={},
title = {Github Octoverse},
howpublished = {\url{https://octoverse.github.com/projects}},
month = {},
year = {},
note = {(Accessed on 12/18/2018)}
}

@misc{NSQ:online,
author={},
title={NSQ Documentation},
howpublished={\url{https://nsq.io/}},
month={},
year = {},
note = {(Accessed on 12/13/2018)}
}

@misc{RabbitMQClients:online,
author = {},
title = {RabbitMQ Documentation},
howpublished = {\url{https://www.rabbitmq.com/devtools.html}},
month = {},
year = {},
note = {(Accessed on 11/15/2018)}
}

@misc{RabbitMQ:online,
author = {},
title = {RabbitMQ Documentation},
howpublished = {\url{https://www.rabbitmq.com/documentation.html}},
month = {},
year = {},
note = {(Accessed on 11/15/2018)}
}

@inproceedings{dobbelaere2017kafka,
  title={Kafka versus RabbitMQ: A comparative study of two industry reference publish/subscribe implementations: Industry Paper},
  author={Dobbelaere, Philippe and Esmaili, Kyumars Sheykh},
  booktitle={Proceedings of the 11th ACM International Conference on Distributed and Event-based Systems},
  pages={227--238},
  year={2017},
  organization={ACM}
}

@misc{jones2012publish,
  title={Publish/subscribe message broker for message sequences},
  author={Jones, Gareth E and Whitehead, Matthew R},
  year={2012},
  month=mar # "~20",
  publisher={Google Patents},
  note={US Patent 8,140,630}
}

@book{birman1987exploiting,
  title={Exploiting virtual synchrony in distributed systems},
  author={Birman, Ken and Joseph, Thomas},
  volume={21},
  number={5},
  year={1987},
  publisher={ACM}
}

@article{al2012service,
  title={Service-oriented middleware: A survey},
  author={Al-Jaroodi, Jameela and Mohamed, Nader},
  journal={Journal of Network and Computer Applications},
  volume={35},
  number={1},
  pages={211--220},
  year={2012},
  publisher={Elsevier}
}

@article{sachs2009performance,
  title={Performance evaluation of message-oriented middleware using the SPECjms2007 benchmark},
  author={Sachs, Kai and Kounev, Samuel and Bacon, Jean and Buchmann, Alejandro},
  journal={Performance Evaluation},
  volume={66},
  number={8},
  pages={410--434},
  year={2009},
  publisher={Elsevier}
}

@article{eugster2003many,
  title={The many faces of publish/subscribe},
  author={Eugster, Patrick Th and Felber, Pascal A and Guerraoui, Rachid and Kermarrec, Anne-Marie},
  journal={ACM computing surveys (CSUR)},
  volume={35},
  number={2},
  pages={114--131},
  year={2003},
  publisher={ACM}
}

@article{curry2004message,
  title={Message-oriented middleware},
  author={Curry, Edward},
  journal={Middleware for communications},
  pages={1--28},
  year={2004},
  publisher={John Wiley \& Sons}
}

@book{riehm2013middleware,
  title={Middleware: Grundlagen, Produkte und Anwendungsbeispiele f{\"u}r die Integration heterogener Welten},
  author={Riehm, Rainer},
  year={2013},
  publisher={Springer-Verlag}
}

@article{vinoski2006advanced,
  title={Advanced message queuing protocol},
  author={Vinoski, Steve},
  journal={IEEE Internet Computing},
  volume={10},
  number={6},
  year={2006},
  publisher={IEEE}
}

@article{menasce2005mom,
  title={MOM vs. RPC: communication models for distributed applications},
  author={Menasce, DA},
  journal={IEEE Internet Computing},
  volume={9},
  number={2},
  pages={90--93},
  year={2005},
  publisher={IEEE}
}

@book{tanenbaum2007distributed,
  title={Distributed systems: principles and paradigms},
  author={Tanenbaum, Andrew S and Van Steen, Maarten},
  year={2007},
  publisher={Prentice-Hall}
}

@incollection{dragoni2017microservices,
  title={Microservices: yesterday, today, and tomorrow},
  author={Dragoni, Nicola and Giallorenzo, Saverio and Lafuente, Alberto Lluch and Mazzara, Manuel and Montesi, Fabrizio and Mustafin, Ruslan and Safina, Larisa},
  booktitle={Present and Ulterior Software Engineering},
  pages={195--216},
  year={2017},
  publisher={Springer}
}

@article{razzaque2016middleware,
  title={Middleware for Internet of Things: A survey.},
  author={Razzaque, Mohammad Abdur and Milojevic-Jevric, Marija and Palade, Andrei and Clarke, Siobh{\'a}n},
  journal={IEEE Internet of Things Journal},
  volume={3},
  number={1},
  pages={70--95},
  year={2016}
}

@misc{fowler2005event,
  title={Event sourcing},
  author={Fowler, Martin},
  howpublished={\url{https://martinfowler.com/eaaDev/EventSourcing.html}},
  journal={Online},
  year={2005}
}

@misc{fowler2005micro,
  title={Microservices},
  howpublished={\url{https://martinfowler.com/articles/microservices.html}},
  author={Fowler, Martin},
  journal={Online},
  year={2014}
}

@book{coulouris2005distributed,
  title={Distributed systems: concepts and design},
  author={Coulouris, George F and Dollimore, Jean and Kindberg, Tim},
  year={2005},
  publisher={pearson education}
}

@book{kleppmann2017designing,
  title={Designing data-intensive applications: The big ideas behind reliable, scalable, and maintainable systems},
  author={Kleppmann, Martin},
  year={2017},
  publisher={O'Reilly Media, Inc.}
}